@book{symons1991software,
  author = {Symons, Charles R.},
  publisher = {John Wiley \& Sons, Inc.},
  title = {{Software Sizing and Estimating: Mk II FPA (Function Point Analysis)}},
  year = {1991},
}

@article{demillo1978hints,
  author = {DeMillo, Richard A. and Lipton, Richard J. and Sayward, Frederick G.},
  journal = {{Computer}},
  number = {4},
  pages = {34--41},
  publisher = {IEEE},
  title = {{Hints on Test Data Selection: Help for the Practicing Programmer}},
  volume = {11},
  year = {1978},
}

@article{budd1981mutation,
  author = {Budd, Timothy A.},
  publisher = {North-Holland Publishing Company, Amsterdam, Netherlands},
  title = {{Mutation Analysis: Ideas, Examples, Problems and Prospects}},
  year = {1981},
}

@book{halstead1977elements,
  author = {Halstead, Maurice H.},
  publisher = {Elsevier Science Inc.},
  title = {{Elements of Software Science (Operating and Programming Systems Series)}},
  year = {1977},
}

@article{howden1982weak,
  author = {Howden, William E.},
  journal = {{IEEE Transactions on Software Engineering}},
  number = {4},
  pages = {371--379},
  publisher = {IEEE},
  title = {{Weak Mutation Testing and Completeness of Test Sets}},
  year = {1982},
}

@article{offutt1994empirical,
  author = {Offutt, A. Jefferson and Lee, Stephen D.},
  journal = {{IEEE Transactions on Software Engineering}},
  number = {5},
  pages = {337--344},
  publisher = {IEEE},
  title = {{An Empirical Evaluation of Weak Mutation}},
  volume = {20},
  year = {1994},
}

@misc{agrawal1989design,
  author = {Agrawal, Hiralal and DeMillo, Richard A. and Hathaway, R. and Hsu, William and Hsu, Wynne and Krauser, Edward W. and Martin, Rhonda J. and Mathur, Aditya P. and Spafford, Eugene},
  title = {{Design of Mutant Operators for the C Programming Language}},
  year = {1989},
}

@article{frankl1997all,
  author = {Frankl, Phyllis G. and Weiss, Stewart N. and Hu, Cang},
  journal = {{Journal of Systems and Software}},
  number = {3},
  pages = {235--253},
  publisher = {Elsevier},
  title = {{All-Uses Vs Mutation Testing: An Experimental Comparison of Effectiveness}},
  volume = {38},
  year = {1997},
}

@book{jones2007,
  author = {Jones, Capers},
  publisher = {McGraw-Hill},
  title = {{Estimating Software Costs: Bringing Realism to Estimating}},
  year = {2007},
}

@article{putnam1978general,
  author = {Putnam, Lawrence H.},
  journal = {{IEEE Transactions on Software Engineering}},
  number = {4},
  pages = {345--361},
  publisher = {IEEE},
  title = {{A General Empirical Solution to the Macro Software Sizing and Estimating Problem}},
  year = {1978},
}

@book{brooks1995mythical,
  author = {Brooks Jr, Frederick P.},
  publisher = {Pearson Education},
  title = {{The Mythical Man-Month: Essays on Software Engineering}},
  year = {1995},
}

@article{boehm1984software,
  author = {Boehm, Barry W.},
  journal = {{IEEE Transactions on Software Engineering}},
  number = {1},
  pages = {21--4},
  publisher = {IEEE},
  title = {{Software Engineering Economics}},
  year = {1984},
}

@book{boehm2000,
  author = {Boehm, Barry and Abts, Chris and Brown, Winsor and Chulani, Sunita and Clark, Bradford K. and Horowitz, Ellis and Madachy, Ray and Reifer, Donald J. and Bert, Steece},
  publisher = {Englewood Cliffs, Prentice-Hall},
  title = {{Software Cost Estimation With COCOMO II}},
  year = {2000},
}

@inproceedings{albrecht1979measuring,
  author = {Albrecht, Allan J.},
  booktitle = {{Proceedings of the Joint SHARE, GUIDE, and IBM Application Development Symposium}},
  pages = {83--92},
  title = {{Measuring Application Development Productivity}},
  year = {1979},
}

@article{albrecht1983software,
  author = {Albrecht, Allan J. and Gaffney, John E.},
  journal = {{IEEE Transactions on Software Engineering}},
  number = {6},
  pages = {639--648},
  publisher = {IEEE},
  title = {{Software Function, Source Lines of Code, and Development Effort Prediction: A Software Science Validation}},
  year = {1983},
}

@book{iso20926foreword,
  author = {Jones, Capers T.},
  publisher = {ISO/IEC 20926:2009},
  title = {{Foreword to IFPUG Functional Size Measurement Method}},
  year = {2009},
}

@misc{iso20926,
  author = {(ISO), International Stardardization Organization},
  title = {{ISO/IEC 20926:2009, IFPUG Functional Size Measurement Method}},
  year = {2009},
}

@book{galorath2006software,
  author = {Galorath, Daniel D. and Evans, Michael W.},
  publisher = {CRC Press},
  title = {{Software Sizing, Estimation, and Risk Management: When Performance Is Measured Performance Improves}},
  year = {2006},
}

@book{pressman2005software,
  author = {Pressman, Roger S. and Maxim, Bruce},
  publisher = {McGraw Hill},
  title = {{Software Engineering: A Practitioner's Approach}},
  year = {2014},
}

@article{chen1976entity,
  author = {Chen, Peter Pin-Shan},
  journal = {{ACM Transactions on Database Systems}},
  number = {1},
  pages = {36--9},
  publisher = {ACM},
  title = {{The Entity-Relationship Model---Toward a Unified View of Data}},
  volume = {1},
  year = {1976},
}

@book{demarco1978,
  author = {DeMarco, Tom},
  publisher = {Prentice Hall},
  title = {{Structure Analysis and System Specification}},
  year = {1978},
}

@article{kemerer1987empirical,
  author = {Kemerer, Chris F.},
  journal = {{Communications of the ACM}},
  number = {5},
  pages = {416--429},
  publisher = {ACM},
  title = {{An Empirical Validation of Software Cost Estimation Models}},
  volume = {30},
  year = {1987},
}

@article{low1990function,
  author = {Low, Graham C. and Jeffery, D. Ross},
  journal = {{IEEE Transactions on Software Engineering}},
  number = {1},
  pages = {64--71},
  publisher = {IEEE},
  title = {{Function Points in the Estimation and Evaluation of the Software Process}},
  volume = {16},
  year = {1990},
}

@inproceedings{nagappan2005use,
  author = {Nagappan, Nachiappan and Ball, Thomas},
  booktitle = {{Proceedings of the 27th International Conference on Software Engineering}},
  pages = {284--292},
  title = {{Use of Relative Code Churn Measures to Predict System Defect Density}},
  year = {2005},
}

@inproceedings{farago2015cumulative,
  author = {Farag{\'o}, Csaba and Heged{\H{u}}s, P{\'e}ter and Ferenc, Rudolf},
  booktitle = {{Proceedings of the 15th International Working Conference on Source Code Analysis and Manipulation (SCAM)}},
  organization = {IEEE},
  pages = {141--150},
  title = {{Cumulative Code Churn: Impact on Maintainability}},
  year = {2015},
}

@article{kelly1992analysis,
  author = {Kelly, John C. and Sherif, Joseph S. and Hops, Jonathan},
  journal = {{Journal of Systems and Software}},
  number = {2},
  pages = {111--117},
  publisher = {Elsevier},
  title = {{An Analysis of Defect Densities Found During Software Inspections}},
  volume = {17},
  year = {1992},
}

@inproceedings{mohagheghi2004empirical,
  author = {Mohagheghi, Parastoo and Conradi, Reidar and Killi, Ole M. and Schwarz, Henrik},
  booktitle = {{Proceedings of the 26th International Conference on Software Engineering}},
  organization = {IEEE},
  pages = {282--291},
  title = {{An Empirical Study of Software Reuse Vs. Defect-Density and Stability}},
  year = {2004},
}

@article{fagan1976design,
  author = {Fagan, Michael},
  journal = {{IBM Systems Journal}},
  number = {3},
  title = {{Design and Code Inspections to Reduce Errors in Program Development}},
  year = {1976},
}

@misc{ieee982,
  author = {Board, IEEE Standards},
  title = {{IEEE Std 982.2-1988: Guide for the Use of IEEE Standard Dictionary of Measures to Produce Reliable Software}},
  year = {1989},
}

@article{basili1984software,
  author = {Basili, Victor R. and Perricone, Barry T.},
  journal = {{Communications of the ACM}},
  number = {1},
  pages = {42--52},
  title = {{Software Errors and Complexity: An Empirical Investigation}},
  volume = {27},
  year = {1984},
}

@misc{arguelles2020,
  author = {Arguelles, Carlos and Ivankovi{\'c}, Marko and Bender, Adam},
  howpublished = {\url{https://testing.googleblog.com/2020/08/code-coverage-best-practices.html}},
  note = {[Online; accessed 15-03-2024]},
  title = {{Code Coverage Best Practices}},
  year = {2020},
}

@article{bowen1979survey,
  author = {Bowen, John B.},
  journal = {{Computer}},
  number = {8},
  pages = {37--42},
  publisher = {IEEE},
  title = {{A Survey of Standards and Proposed Metrics for Software Quality Testing}},
  volume = {12},
  year = {1979},
}

@article{jones1996pragmatics,
  author = {Jones, Capers},
  journal = {{Technical Council on Software Engineering}},
  number = {2},
  title = {{The Pragmatics of Software Process Improvements}},
  volume = {14},
  year = {1996},
}

@article{fenton1999critique,
  author = {Fenton, Norman E. and Neil, Martin},
  journal = {{IEEE Transactions on Software Engineering}},
  number = {5},
  pages = {675--689},
  publisher = {IEEE},
  title = {{A Critique of Software Defect Prediction Models}},
  volume = {25},
  year = {1999},
}

@book{jones1991,
  author = {Jones, Capers},
  publisher = {McGraw-Hill},
  title = {{Applied Software Measurement}},
  year = {1991},
}

@article{koru2008investigation,
  author = {Koru, A G{\"u}ne{\c{s}} and Zhang, Dongsong and El Emam, Khaled and Liu, Hongfang},
  journal = {{IEEE Transactions on Software Engineering}},
  number = {2},
  pages = {293--304},
  publisher = {IEEE},
  title = {{An Investigation into the Functional Form of the Size-Defect Relationship for Software Modules}},
  volume = {35},
  year = {2008},
}

@book{mcconnell2004code,
  author = {McConnell, Steve},
  publisher = {Pearson Education},
  title = {{Code Complete}},
  year = {2004},
}

@article{cobb1990engineering,
  author = {Cobb, Richard H. and Mills, Harlan D.},
  journal = {{IEEE Software}},
  number = {6},
  pages = {45--54},
  publisher = {IEEE},
  title = {{Engineering Software Under Statistical Quality Control}},
  volume = {7},
  year = {1990},
}

@article{basili1996validation,
  author = {Basili, Victor R. and Briand, Lionel C. and Melo, Walc{\'e}lio L.},
  journal = {{IEEE Transactions on Software Engineering}},
  number = {10},
  pages = {751--761},
  publisher = {IEEE},
  title = {{A Validation of Object-Oriented Design Metrics as Quality Indicators}},
  volume = {22},
  year = {1996},
}

@article{chidamber1994metrics,
  author = {Chidamber, Shyam R. and Kemerer, Chris F.},
  journal = {{IEEE Transactions on Software Engineering}},
  number = {6},
  pages = {476--493},
  publisher = {IEEE},
  title = {{A Metrics Suite for Object Oriented Design}},
  volume = {20},
  year = {1994},
}

@article{radjenovic2013software,
  author = {Radjenovi{\'c}, Danijel and Heri{\v{c}}ko, Marjan and Torkar, Richard and {\v{Z}}ivkovi{\v{c}}, Ale{\v{s}}},
  journal = {{Information and Software Technology}},
  number = {8},
  pages = {1397--1418},
  publisher = {Elsevier},
  title = {{Software Fault Prediction Metrics: A Systematic Literature Review}},
  volume = {55},
  year = {2013},
}

@article{yu2022predicting,
  author = {Yu, Xiao and Keung, Jacky and Xiao, Yan and Feng, Shuo and Li, Fuyang and Dai, Heng},
  journal = {{Information and Software Technology}},
  pages = {106847},
  publisher = {Elsevier},
  title = {{Predicting the Precise Number of Software Defects: Are We There Yet?}},
  volume = {146},
  year = {2022},
}

@inproceedings{yamashita2016thresholds,
  author = {Yamashita, Kazuhiro and Huang, Changyun and Nagappan, Meiyappan and Kamei, Yasutaka and Mockus, Audris and Hassan, Ahmed E. and Ubayashi, Naoyasu},
  booktitle = {{Proceedings of the International Conference on Software Quality, Reliability and Security (QRS)}},
  organization = {IEEE},
  pages = {191--201},
  title = {{Thresholds for Size and Complexity Metrics: A Case Study From the Perspective of Defect Density}},
  year = {2016},
}

@inproceedings{nagappan2005static,
  author = {Nagappan, Nachiappan and Ball, Thomas},
  booktitle = {{Proceedings of the 27th International Conference on Software Engineering}},
  pages = {580--586},
  title = {{Static Analysis Tools as Early Indicators of Pre-Release Defect Density}},
  year = {2005},
}

@inproceedings{parnas1994software,
  author = {Parnas, David Lorge},
  booktitle = {{Proceedings of the 16th International Conference on Software Engineering}},
  organization = {IEEE},
  pages = {279--287},
  title = {{Software Aging}},
  year = {1994},
}

@inproceedings{arafat2009comment,
  author = {Arafat, Oliver and Riehle, Dirk},
  booktitle = {{Proceedings of the 31st International Conference on Software Engineering, Companion Volume}},
  organization = {IEEE},
  pages = {195--198},
  title = {{The Comment Density of Open Source Software Code}},
  year = {2009},
}

@inproceedings{fluri2007code,
  author = {Fluri, Beat and Wursch, Michael and Gall, Harald C.},
  booktitle = {{Proceedings of the 14th Working Conference on Reverse Engineering (WCRE 2007)}},
  organization = {IEEE},
  pages = {70--79},
  title = {{Do Code and Comments Co-Evolve? on the Relation Between Source Code and Comment Changes}},
  year = {2007},
}

@inproceedings{woodfield1981effect,
  author = {Woodfield, Scott N. and Dunsmore, Hubert E. and Shen, Vincent Y.},
  booktitle = {{Proceedings of the 5th International Conference on Software Engineering}},
  pages = {215--223},
  title = {{The Effect of Modularization and Comments on Program Comprehension}},
  year = {1981},
}

@inproceedings{haouari2011good,
  author = {Haouari, Dorsaf and Sahraoui, Houari and Langlais, Philippe},
  booktitle = {{Proceedings of the International Symposium on Empirical Software Engineering and Measurement}},
  organization = {IEEE},
  pages = {137--146},
  title = {{How Good Is Your Comment? a Study of Comments in Java Programs}},
  year = {2011},
}

@inproceedings{oman1992metrics,
  author = {Oman, Paul and Hagemeister, Jack},
  booktitle = {{Proceedings of the International Conference on Software Maintenance}},
  organization = {IEEE},
  pages = {337--338},
  title = {{Metrics for Assessing a Software System's Maintainability}},
  year = {1992},
}

@article{pascarella2019classifying,
  author = {Pascarella, Luca and Bruntink, Magiel and Bacchelli, Alberto},
  journal = {{Empirical Software Engineering}},
  number = {3},
  pages = {1499--1537},
  publisher = {Springer},
  title = {{Classifying Code Comments in Java Software Systems}},
  volume = {24},
  year = {2019},
}

@inproceedings{garcia1996maintainability,
  author = {Barranco Garcia, Manuel J. and Granja Alvarez, Juan Carlos},
  booktitle = {{Proceedings of the International Conference on Software Maintenance}},
  organization = {IEEE},
  pages = {87--93},
  title = {{Maintainability as a Key Factor in Maintenance Productivity: A Case Study}},
  year = {1996},
}

@inproceedings{nurvitadhi2003class,
  author = {Nurvitadhi, Eriko and Leung, Wing Wah and Cook, Curtis},
  booktitle = {{Proceedings of the 33rd Annual Frontiers in Education}},
  organization = {IEEE},
  pages = {T3C--T3C},
  title = {{Do Class Comments Aid Java Program Understanding?}},
  volume = {1},
  year = {2003},
}

@inproceedings{he2019understanding,
  author = {He, Hao},
  booktitle = {{Proceedings of the 27th Joint Meeting on European Software Engineering Conference and Symposium on the Foundations of Software Engineering}},
  pages = {1217--1219},
  title = {{Understanding Source Code Comments at Large-Scale}},
  year = {2019},
}

@inproceedings{hu2022practitioners,
  author = {Hu, Xing and Xia, Xin and Lo, David and Wan, Zhiyuan and Chen, Qiuyuan and Zimmermann, Thomas},
  booktitle = {{Proceedings of the 44th International Conference on Software Engineering}},
  pages = {1693--1705},
  title = {{Practitioners' Expectations on Automated Code Comment Generation}},
  year = {2022},
}

@inproceedings{roehm2012professional,
  author = {Roehm, Tobias and Tiarks, Rebecca and Koschke, Rainer and Maalej, Walid},
  booktitle = {{Proceedings of the 34th International Conference on Software Engineering (ICSE)}},
  organization = {IEEE},
  pages = {255--265},
  title = {{How Do Professional Developers Comprehend Software?}},
  year = {2012},
}

@inproceedings{stapleton2020human,
  author = {Stapleton, Sean and Gambhir, Yashmeet and LeClair, Alexander and Eberhart, Zachary and Weimer, Westley and Leach, Kevin and Huang, Yu},
  booktitle = {{Proceedings of the 28th International Conference on Program Comprehension}},
  pages = {13--2},
  title = {{A Human Study of Comprehension and Code Summarization}},
  year = {2020},
}

@book{kernighan1974elements,
  author = {Kernighan, Brian W. and Plauger, Phillip James},
  publisher = {McGraw-Hill, Inc.},
  title = {{The Elements of Programming Style}},
  year = {1974},
}

@inproceedings{brooks1978using,
  author = {Brooks, Ruven},
  booktitle = {{Proceedings of the 3rd International Conference on Software Engineering}},
  pages = {196--201},
  title = {{Using a Behavioral Theory of Program Comprehension in Software Engineering}},
  year = {1978},
}

@misc{spertus2021,
  author = {Spertus, Ellen},
  howpublished = {\url{https://stackoverflow.blog/2021/12/23/best-practices-for-writing-code-comments/}},
  title = {{Best Practices for Writing Code Comments}},
  year = {2021},
}

@book{fowler1999refactoring,
  author = {Fowler, Martin and Beck, Kent and Brant, John and Opdyke, William and Roberts, Don},
  publisher = {Addison-Wesley Professional},
  title = {{Refactoring: Improving the Design of Existing Code}},
  year = {1999},
}

@book{hunt1999pragmatic,
  author = {Hunt, Andrew and Thomas, Dave},
  publisher = {Pearson Education},
  title = {{The Pragmatic Programmer: From Journeyman to Master}},
  year = {1999},
}

@book{martin2008clean,
  author = {Martin, Robert C.},
  publisher = {Pearson Education},
  title = {{Clean Code: A Handbook of Agile Software Craftsmanship}},
  year = {2008},
}

@inproceedings{barnett2016relationship,
  author = {Barnett, Jacob G. and Gathuru, Charles K. and Soldano, Luke S. and McIntosh, Shane},
  booktitle = {{Proceedings of the 13th International Conference on Mining Software Repositories}},
  pages = {496--499},
  title = {{The Relationship Between Commit Message Detail and Defect Proneness in Java Projects on Github}},
  year = {2016},
}

@inproceedings{moser2008comparative,
  author = {Moser, Raimund and Pedrycz, Witold and Succi, Giancarlo},
  booktitle = {{Proceedings of the 30th International Conference on Software Engineering}},
  pages = {181--190},
  title = {{A Comparative Analysis of the Efficiency of Change Metrics and Static Code Attributes for Defect Prediction}},
  year = {2008},
}

@inproceedings{sohn2017fluccs,
  author = {Sohn, Jeongju and Yoo, Shin},
  booktitle = {{Proceedings of the 26th International Symposium on Software Testing and Analysis}},
  pages = {273--283},
  title = {{FLUCCS: Using Code and Change Metrics to Improve Fault Localization}},
  year = {2017},
}

@inproceedings{hassan2008road,
  author = {Hassan, Ahmed E.},
  booktitle = {{Proceedings of the Frontiers of Software Maintenance}},
  organization = {IEEE},
  pages = {48--57},
  title = {{The Road Ahead for Mining Software Repositories}},
  year = {2008},
}

@inproceedings{arafat2009commit,
  author = {Arafat, Oliver and Riehle, Dirk},
  booktitle = {{Proceedings of the 42nd Hawaii International Conference on System Sciences}},
  organization = {IEEE},
  pages = {1--8},
  title = {{The Commit Size Distribution of Open Source Software}},
  year = {2009},
}

@inproceedings{alali2008s,
  author = {Alali, Abdulkareem and Kagdi, Huzefa and Maletic, Jonathan I.},
  booktitle = {{Proceedings of the 16th International Conference on Program Comprehension}},
  organization = {IEEE},
  pages = {182--191},
  title = {{What's a Typical Commit? a Characterization of Open Source Software Repositories}},
  year = {2008},
}

@inproceedings{eyolfson2011time,
  author = {Eyolfson, Jon and Tan, Lin and Lam, Patrick},
  booktitle = {{Proceedings of the 8th Working Conference on Mining Software Repositories}},
  pages = {153--162},
  title = {{Do Time of Day and Developer Experience Affect Commit Bugginess?}},
  year = {2011},
}

@inproceedings{dyer2013boa,
  author = {Dyer, Robert and Nguyen, Hoan Anh and Rajan, Hridesh and Nguyen, Tien N.},
  booktitle = {{Proceedings of the 35th International Conference on Software Engineering (ICSE)}},
  organization = {IEEE},
  pages = {422--431},
  title = {{Boa: A Language and Infrastructure for Analyzing Ultra-Large-Scale Software Repositories}},
  year = {2013},
}

@inproceedings{d2010commit,
  author = {D'Ambros, Marco and Lanza, Michele and Robbes, Romain},
  booktitle = {{Proceedings of the 1st Workshop on Web 2.0 for Software Engineering}},
  pages = {14--19},
  title = {{Commit 2.0}},
  year = {2010},
}

@inproceedings{buse2010automatically,
  author = {Buse, Raymond P. L. and Weimer, Westley R.},
  booktitle = {{Proceedings of the 25th International Conference on Automated Software Engineering}},
  pages = {33--42},
  title = {{Automatically Documenting Program Changes}},
  year = {2010},
}

@inproceedings{cortes2014automatically,
  author = {Cort{\'e}s-Coy, Luis Fernando and Linares-V{\'a}squez, Mario and Aponte, Jairo and Poshyvanyk, Denys},
  booktitle = {{Proceedings of the 14th International Working Conference on Source Code Analysis and Manipulation}},
  organization = {IEEE},
  pages = {275--284},
  title = {{On Automatically Generating Commit Messages via Summarization of Source Code Changes}},
  year = {2014},
}

@article{zhang2024automatic,
  author = {Zhang, Yuxia and Qiu, Zhiqing and Stol, Klaas-Jan and Zhu, Wenhui and Zhu, Jiaxin and Tian, Yingchen and Liu, Hui},
  journal = {{IEEE Transactions on Software Engineering}},
  publisher = {IEEE},
  title = {{Automatic Commit Message Generation: A Critical Review and Directions for Future Work}},
  year = {2024},
}

@inproceedings{hindle2008large,
  author = {Hindle, Abram and German, Daniel M. and Holt, Ric},
  booktitle = {{Proceedings of the International Working Conference on Mining Software Repositories}},
  pages = {108--99},
  title = {{What Do Large Commits Tell Us? a Taxonomical Study of Large Commits}},
  year = {2008},
}

@inproceedings{li2023commit,
  author = {Li, Jiawei and Ahmed, Iftekhar},
  booktitle = {{Proceedings of the 45th International Conference on Software Engineering (ICSE)}},
  organization = {IEEE},
  pages = {806--817},
  title = {{Commit Message Matters: Investigating Impact and Evolution of Commit Message Quality}},
  year = {2023},
}

@article{german2004using,
  author = {German, Daniel M.},
  journal = {{Journal of Software Maintenance and Evolution: Research and Practice}},
  number = {6},
  pages = {367--384},
  publisher = {Wiley Online Library},
  title = {{Using Software Trails to Reconstruct the Evolution of Software}},
  volume = {16},
  year = {2004},
}

@inproceedings{mockus2000identifying,
  author = {Mockus, Audris and Votta, Lawrence G.},
  booktitle = {{Proceedings of the International Conference on Software Maintenance}},
  organization = {IEEE},
  pages = {120--130},
  title = {{Identifying Reasons for Software Changes Using Historic Databases}},
  year = {2000},
}

@inproceedings{atkins1999using,
  author = {Atkins, David and Ball, Thomas and Graves, Todd and Mockus, Audris},
  booktitle = {{Proceedings of the 21st International Conference on Software Engineering}},
  pages = {324--333},
  title = {{Using Version Control Data to Evaluate the Impact of Software Tools}},
  year = {1999},
}

@article{rochkind1975source,
  author = {Rochkind, Marc J.},
  journal = {{IEEE Transactions on Software Engineering}},
  number = {4},
  pages = {364--370},
  publisher = {IEEE},
  title = {{The Source Code Control System}},
  year = {1975},
}

@inproceedings{graves1998inferring,
  author = {Graves, Todd L. and Mockus, Audris},
  booktitle = {{Proceedings of the Fifth International Software Metrics Symposium}},
  organization = {IEEE},
  pages = {267--273},
  title = {{Inferring Change Effort From Configuration Management Databases}},
  year = {1998},
}

@book{lorenz1994object,
  author = {Lorenz, Mark and Kidd, Jeff},
  publisher = {Prentice-Hall, Inc.},
  title = {{Object-Oriented Software Metrics: A Practical Guide}},
  year = {1994},
}

@inproceedings{brito1994object,
  author = {Brito, Fernando and dos Santos Carapu{\c{c}}a, Rog{\'e}rio},
  booktitle = {{Proceedings of the 4th International Conference on Software Quality}},
  pages = {1--8},
  title = {{Object-Oriented Software Engineering: Measuring and Controlling the Development Process}},
  year = {1994},
}

@misc{fowler2006,
  author = {Fowler, Martin},
  howpublished = {\url{http://martinfowler.com/articles/continuousIntegration.html}},
  note = {[Online; accessed 07-02-2024]},
  title = {{Continuous Integration}},
  year = {2006},
}

@inproceedings{hilton2017trade,
  author = {Hilton, Michael and Nelson, Nicholas and Tunnell, Timothy and Marinov, Darko and Dig, Danny},
  booktitle = {{Proceedings of the 11th Joint Meeting on Foundations of Software Engineering}},
  pages = {197--207},
  title = {{Trade-Offs in Continuous Integration: Assurance, Security, and Flexibility}},
  year = {2017},
}

@inproceedings{hilton2016usage,
  author = {Hilton, Michael and Tunnell, Timothy and Huang, Kai and Marinov, Darko and Dig, Danny},
  booktitle = {{Proceedings of the 31st International Conference on Automated Software Engineering}},
  pages = {426--437},
  title = {{Usage, Costs, and Benefits of Continuous Integration in Open-Source Projects}},
  year = {2016},
}

@article{parry2021survey,
  author = {Parry, Owain and Kapfhammer, Gregory M. and Hilton, Michael and McMinn, Phil},
  journal = {{ACM Transactions on Software Engineering and Methodology}},
  number = {1},
  pages = {1--74},
  publisher = {ACM},
  title = {{A Survey of Flaky Tests}},
  volume = {31},
  year = {2021},
}

@inproceedings{lam2020understanding,
  author = {Lam, Wing and Winter, Stefan and Astorga, Angello and Stodden, Victoria and Marinov, Darko},
  booktitle = {{Proceedings of the 31st International Symposium on Software Reliability Engineering (ISSRE)}},
  organization = {IEEE},
  pages = {403--413},
  title = {{Understanding Reproducibility and Characteristics of Flaky Tests Through Test Reruns in Java Projects}},
  year = {2020},
}

@misc{micco2016,
  author = {Micco, John},
  howpublished = {\url{https://testing.googleblog.com/2016/05/flaky-tests-at-google-and-how-we.html}},
  month = {May},
  note = {[Online; accessed 25-02-2024]},
  title = {{Flaky Tests at Google and How We Mitigate Them}},
  year = {2016},
}

@article{micco2017state,
  author = {Micco, John},
  journal = {{ICST}},
  title = {{The State of Continuous Integration Testing at Google}},
  year = {2017},
}

@book{humble2010continuous,
  author = {Humble, Jez and Farley, David},
  publisher = {Pearson Education},
  title = {{Continuous Delivery: Reliable Software Releases Through Build, Test, and Deployment Automation}},
  year = {2010},
}

@article{cusumano1997microsoft,
  author = {Cusumano, Michael A. and Selby, Richard W.},
  journal = {{Communications of the ACM}},
  number = {6},
  pages = {53--61},
  publisher = {ACM},
  title = {{How Microsoft Builds Software}},
  volume = {40},
  year = {1997},
}

@inproceedings{vasilescu2015quality,
  author = {Vasilescu, Bogdan and Yu, Yue and Wang, Huaimin and Devanbu, Premkumar and Filkov, Vladimir},
  booktitle = {{Proceedings of the 10th Joint Meeting on Foundations of Software Engineering}},
  pages = {805--816},
  title = {{Quality and Productivity Outcomes Relating to Continuous Integration in GitHub}},
  year = {2015},
}

@book{booch1994object,
  author = {Booch, Grady and Maksimchuk, Robert A. and Engle, Michael W. and Young, Bobbi J. and Connallen, Jim and Houston, Kelli A.},
  publisher = {Addison-Wesley},
  title = {{Object-Oriented Analysis and Design With Applications}},
  year = {1994},
}

@inproceedings{beck1998extreme,
  author = {Beck, Kent},
  booktitle = {{Proceedings of the International Conference on Fundamental Approaches to Software Engineering}},
  organization = {Springer},
  pages = {1--6},
  title = {{Extreme Programming: A Humanistic Discipline of Software Development}},
  year = {1998},
}

@inproceedings{rausch2017empirical,
  author = {Rausch, Thomas and Hummer, Waldemar and Leitner, Philipp and Schulte, Stefan},
  booktitle = {{Proceedings of the 14th International Conference on Mining Software Repositories}},
  organization = {IEEE},
  pages = {345--355},
  title = {{An Empirical Analysis of Build Failures in the Continuous Integration Workflows of Java-Based Open-Source Software}},
  year = {2017},
}

@inproceedings{jain2018brief,
  author = {Jain, Romit and Singh, Saket Kumar and Mishra, Bharavi},
  booktitle = {{Proceedings of the Progress in Advanced Computing and Intelligent Engineering}},
  organization = {Springer},
  pages = {17--27},
  title = {{A Brief Study on Build Failures in Continuous Integration: Causation and Effect}},
  year = {2018},
}

@book{johnson1977lint,
  author = {Johnson, Stephen C.},
  publisher = {Bell Labs},
  title = {{Lint, a C Program Checker}},
  year = {1977},
}

@article{green2011coding,
  author = {Green, Robert and Ledgard, Henry},
  journal = {{Communications of the ACM}},
  number = {12},
  pages = {57--63},
  publisher = {ACM},
  title = {{Coding Guidelines: Finding the Art in the Science}},
  volume = {54},
  year = {2011},
}

@misc{bugayenko2014blog0813,
  author = {Bugayenko, Yegor},
  howpublished = {\url{https://www.yegor256.com/140813.html}},
  month = {August},
  note = {[Online; accessed 26-02-2024]},
  title = {{Strict Control of Java Code Quality}},
  year = {2014},
}

@inproceedings{bauer2019indentation,
  author = {Bauer, Jennifer and Siegmund, Janet and Peitek, Norman and Hofmeister, Johannes C. and Apel, Sven},
  booktitle = {{Proceedings of the 27th International Conference on Program Comprehension (ICPC)}},
  organization = {IEEE},
  pages = {154--164},
  title = {{Indentation: Simply a Matter of Style or Support for Program Comprehension?}},
  year = {2019},
}

@article{zou2019does,
  author = {Zou, Weiqin and Xuan, Jifeng and Xie, Xiaoyuan and Chen, Zhenyu and Xu, Baowen},
  journal = {{Empirical Software Engineering}},
  pages = {3871--3903},
  publisher = {Springer},
  title = {{How Does Code Style Inconsistency Affect Pull Request Integration? an Exploratory Study on 117 GitHub Projects}},
  volume = {24},
  year = {2019},
}

@inproceedings{rigby2011understanding,
  author = {Rigby, Peter C. and Storey, Margaret-Anne},
  booktitle = {{Proceedings of the 33rd International Conference on Software Engineering}},
  pages = {541--550},
  title = {{Understanding Broadcast Based Peer Review on Open Source Software Projects}},
  year = {2011},
}

@article{berry1985style,
  author = {Berry, R. E. and Meekings, B. A. E.},
  journal = {{Communications of the ACM}},
  number = {1},
  pages = {80--88},
  publisher = {ACM},
  title = {{A Style Analysis of C Programs}},
  volume = {28},
  year = {1985},
}

@article{harrison1986note,
  author = {Harrison, Warren and Cook, Curtis R.},
  journal = {{Communications of the ACM}},
  number = {2},
  pages = {123--125},
  publisher = {ACM},
  title = {{A Note on the Berry-Meekings Style Metric}},
  volume = {29},
  year = {1986},
}

@article{marca1981some,
  author = {Marca, David},
  journal = {{ACM SIGPLAN Notices}},
  number = {4},
  pages = {70--80},
  publisher = {ACM},
  title = {{Some Pascal Style Guidelines}},
  volume = {16},
  year = {1981},
}

@article{rees1982automatic,
  author = {Rees, Michael J.},
  journal = {{ACM SIGPLAN Notices}},
  number = {10},
  pages = {33--42},
  publisher = {ACM},
  title = {{Automatic Assessment Aids for Pascal Programs}},
  volume = {17},
  year = {1982},
}

@misc{collberg1997taxonomy,
  author = {Collberg, Christian and Thomborson, Clark and Low, Douglas},
  title = {{A Taxonomy of Obfuscating Transformations}},
  year = {1997},
}

@inproceedings{beller2016analyzing,
  author = {Beller, Moritz and Bholanath, Radjino and McIntosh, Shane and Zaidman, Andy},
  booktitle = {{Proceedings of the 23rd International Conference on Software Analysis, Evolution, and Reengineering (SANER)}},
  organization = {IEEE},
  pages = {470--481},
  title = {{Analyzing the State of Static Analysis: A Large-Scale Evaluation in Open Source Software}},
  volume = {1},
  year = {2016},
}

@inproceedings{zampetti2017open,
  author = {Zampetti, Fiorella and Scalabrino, Simone and Oliveto, Rocco and Canfora, Gerardo and Di Penta, Massimiliano},
  booktitle = {{Proceedings of the 14th International Conference on Mining Software Repositories (MSR)}},
  organization = {IEEE},
  pages = {334--344},
  title = {{How Open Source Projects Use Static Code Analysis Tools in Continuous Integration Pipelines}},
  year = {2017},
}

@inproceedings{boogerd2008assessing,
  author = {Boogerd, Cathal and Moonen, Leon},
  booktitle = {{Proceedings of the International Conference on Software Maintenance}},
  organization = {IEEE},
  pages = {277--286},
  title = {{Assessing the Value of Coding Standards: An Empirical Study}},
  year = {2008},
}

@inproceedings{tomasdottir2017and,
  author = {T{\'o}masd{\'o}ttir, Krist{\'\i}n Fj{\'o}la and Aniche, Mauricio and Van Deursen, Arie},
  booktitle = {{Proceedings of the 32nd International Conference on Automated Software Engineering (ASE)}},
  organization = {IEEE},
  pages = {578--589},
  title = {{Why and How JavaScript Developers Use Linters}},
  year = {2017},
}

@inproceedings{obermuller2021code,
  author = {Oberm{\"u}ller, Florian and Bloch, Lena and Greifenstein, Luisa and Heuer, Ute and Fraser, Gordon},
  booktitle = {{Proceedings of the 16th Workshop in Primary and Secondary Computing Education}},
  pages = {1--10},
  title = {{Code Perfumes: Reporting Good Code to Encourage Learners}},
  year = {2021},
}

@article{tomasdottir2018adoption,
  author = {T{\'o}masd{\'o}ttir, Krist{\'\i}n Fj{\'o}la and Aniche, Mauricio and Van Deursen, Arie},
  journal = {{IEEE Transactions on Software Engineering}},
  number = {8},
  pages = {863--891},
  publisher = {IEEE},
  title = {{The Adoption of JavaScript Linters in Practice: A Case Study on ESLint}},
  volume = {46},
  year = {2018},
}

@article{chess2004static,
  author = {Chess, Brian and McGraw, Gary},
  journal = {{IEEE Security \& Privacy}},
  number = {6},
  pages = {76--79},
  publisher = {IEEE},
  title = {{Static Analysis for Security}},
  volume = {2},
  year = {2004},
}

@misc{sarif2023,
  author = {OASIS},
  howpublished = {\url{https://docs.oasis-open.org/sarif/sarif/v2.1.0/sarif-v2.1.0.html}},
  note = {[Online; accessed 08-03-2024]},
  title = {{Static Analysis Results Interchange Format (SARIF) Version 2.1.0 Plus Errata 01}},
  year = {2023},
}

@inproceedings{kim2007warnings,
  author = {Kim, Sunghun and Ernst, Michael D.},
  booktitle = {{Proceedings of the the 6th Joint Meeting of the European Software Engineering Conference}},
  pages = {45--54},
  title = {{Which Warnings Should I Fix First?}},
  year = {2007},
}

@inproceedings{arzt2015using,
  author = {Arzt, Steven and Rasthofer, Siegfried and Hahn, Robert and Bodden, Eric},
  booktitle = {{Proceedings of the 4th International Workshop on State of the Art in Program Analysis}},
  pages = {1--6},
  title = {{Using Targeted Symbolic Execution for Reducing False-Positives in Dataflow Analysis}},
  year = {2015},
}

@article{mccabe1976complexity,
  author = {McCabe, Thomas J.},
  journal = {{IEEE Transactions on Software Engineering}},
  number = {4},
  pages = {308--320},
  publisher = {IEEE},
  title = {{A Complexity Measure}},
  year = {1976},
}

@inproceedings{campbell2018cognitive,
  author = {Campbell, G. Ann},
  booktitle = {{Proceedings of the International Conference on Technical Debt}},
  pages = {57--58},
  title = {{Cognitive Complexity: An Overview and Evaluation}},
  year = {2018},
}

@article{lavazza2023empirical,
  author = {Lavazza, Luigi and Abualkishik, Abedallah Zaid and Liu, Geng and Morasca, Sandro},
  journal = {{Journal of Systems and Software}},
  pages = {111561},
  publisher = {Elsevier},
  title = {{An Empirical Evaluation of the ``Cognitive Complexity'' Measure as a Predictor of Code Understandability}},
  volume = {197},
  year = {2023},
}

@misc{campbell2017,
  author = {Campbell, G. Ann},
  publisher = {Sonar},
  title = {{\{Cognitive Complexity\} --- a New Way of Measuring Understandability}},
  year = {2017},
}

@inproceedings{chidamber1991towards,
  author = {Chidamber, Shyam R. and Kemerer, Chris F.},
  booktitle = {{Proceedings of the Conference on Object-Oriented Programming Systems, Languages, and Applications}},
  pages = {197--211},
  title = {{Towards a Metrics Suite for Object Oriented Design}},
  year = {1991},
}

@article{stevens1974structured,
  author = {Stevens, Wayne P. and Myers, Glenford J. and Constantine, Larry L.},
  journal = {{IBM Systems Journal}},
  number = {2},
  pages = {115--139},
  publisher = {IBM},
  title = {{Structured Design}},
  volume = {13},
  year = {1974},
}

@article{henderson1996coupling,
  author = {Henderson-Sellers, Brian and Constantine, Larry L. and Graham, Ian M.},
  journal = {{Object Oriented Systems}},
  number = {3},
  pages = {143--158},
  title = {{Coupling and Cohesion (Towards a Valid Metrics Suite for Object-Oriented Analysis and Design)}},
  volume = {3},
  year = {1996},
}

@book{hitz1995measuring,
  author = {Hitz, Martin and Montazeri, Behzad},
  title = {{Measuring Coupling and Cohesion in Object-Oriented Systems}},
  year = {1995},
}

@article{counsell2006interpretation,
  author = {Counsell, Steve and Swift, Stephen and Crampton, Jason},
  doi = {10.1145/1131421.1131422},
  journal = {{ACM Transactions on Software Engineering and Methodology (TOSEM)}},
  number = {2},
  pages = {123--149},
  publisher = {ACM},
  title = {{The Interpretation and Utility of Three Cohesion Metrics for Object-Oriented Design}},
  volume = {15},
  year = {2006},
}

@article{bansiya1999class,
  author = {Bansiya, Jagdish},
  journal = {{Journal of Object-Oriented Programming}},
  number = {8},
  pages = {47--52},
  title = {{Class Cohesion Metric for Object Oriented Designs}},
  volume = {11},
  year = {1999},
}

@article{bieman1995cohesion,
  author = {Bieman, James M. and Kang, Byung-Kyoo},
  journal = {{SIGSOFT Software Engineering Notes}},
  number = {SI},
  pages = {259--262},
  publisher = {ACM},
  title = {{Cohesion and Reuse in an Object-Oriented System}},
  volume = {20},
  year = {1995},
}

@inproceedings{curtis1979,
  author = {Curtis, Bill},
  booktitle = {{Proceedings From the Fourth Summer Software Engineering Workshop}},
  pages = {217--238},
  title = {{Program Complexity and Software Errors: A Front End for Reliability}},
  year = {1979},
}

@book{brooks1982,
  author = {Brooks, Fred},
  publisher = {Addison-Wesley Publishing Company},
  title = {{The Mythical Man-Month: Essays on Software Engineering}},
  year = {1982},
}

@inproceedings{cunningham1992,
  author = {Cunningham, Ward},
  booktitle = {{Proceedings of the Conference on Object-Oriented Programming, Systems, Languages, and Applications (OOPSLA)}},
  pages = {29--30},
  title = {{Experience Report --- the WyCash Portfolio Management System}},
  year = {1992},
}

@article{coleman1994,
  author = {Coleman, Don and Ash, Dan and Lowther, Bruce and Oman, Paul},
  doi = {10.1109/2.303623},
  journal = {{Computer}},
  publisher = {IEEE},
  title = {{Using Metrics to Evaluate Software System Maintainability}},
  year = {1994},
}

@misc{niedermayr2016,
  author = {Niedermayr, Rainer},
  howpublished = {\url{https://teamscale.com/blog/en/news/blog/maintainability-index}},
  note = {[Online; accessed 15-03-2024]},
  title = {{Why We Don’t Use the Software Maintainability Index}},
  year = {2016},
}

@misc{deursen2014,
  author = {van Deursen, Arie},
  howpublished = {\url{https://avandeursen.com/2014/08/29/think-twice-before-using-the-maintainability-index/}},
  note = {[Online; accessed 15-03-2024]},
  title = {{Think Twice Before Using the ``Maintainability Index''}},
  year = {2014},
}

@misc{gilboy2022,
  author = {Gilboy, Tim},
  howpublished = {\url{https://sourcery.ai/blog/maintainability-index/}},
  note = {[Online; accessed 15-03-2024]},
  title = {{Maintainability Index - What Is It and Where Does It Fall Short?}},
  year = {2022},
}

@article{hericko2023,
  author = {Heri{\v{c}}ko, Tja{\v{s}}a},
  doi = {10.3390/app13052972},
  journal = {{Applied Sciences}},
  publisher = {MDPI AG},
  title = {{Exploring Maintainability Index Variants for Software Maintainability Measurement in Object-Oriented Systems}},
  year = {2023},
}

@article{ardito2020,
  author = {al., Luca Ardito et},
  doi = {10.1155/2020/8840389},
  journal = {{Scientific Programming}},
  publisher = {Hindawi Limited},
  title = {{A Tool-Based Perspective on Software Code Maintainability Metrics: A Systematic Literature Review}},
  year = {2020},
}

@article{bansiya2002,
  author = {Bansiya, J. and Davis, C.G.},
  doi = {10.1109/32.979986},
  journal = {{IEEE Transactions on Software Engineering}},
  publisher = {Institute of Electrical and Electronics Engineers (IEEE)},
  title = {{A Hierarchical Model for Object-Oriented Design Quality Assessment}},
  year = {2002},
}

@article{fowler2001,
  author = {Fowler, M.},
  doi = {10.1109/ms.2001.936226},
  journal = {{IEEE Software}},
  publisher = {Institute of Electrical and Electronics Engineers (IEEE)},
  title = {{Reducing Coupling}},
  year = {2001},
}

@inproceedings{mubarak2010,
  author = {Mubarak, A. and Counsell, S. and Hierons, R.M.},
  booktitle = {{Proceedings of the Fourth International Conference on Research Challenges in Information Science (RCIS)}},
  doi = {10.1109/RCIS.2010.5507329},
  title = {{An Evolutionary Study of Fan-In and Fan-Out Metrics in OSS}},
  year = {2010},
}

@misc{comartin2021,
  author = {Comartin, Derek},
  howpublished = {\url{https://codeopinion.com/write-stable-code-using-coupling-metrics/}},
  note = {[Online; accessed 15-03-2024]},
  title = {{Write Stable Code Using Coupling Metrics}},
  year = {2021},
}

@misc{ford_architecture,
  author = {Ford, Neal},
  howpublished = {\url{https://nealford.com/}},
  note = {[Online; accessed 15-03-2024]},
  title = {{Architecture Is the Tension Between Coupling and Cohesion}},
}

@book{yourdon1979structured,
  author = {Yourdon, Edward and Constantine, Larry},
  publisher = {Prentice Hall},
  title = {{Structured Design: Fundamentals of a Discipline of Computer Program and Systems Design}},
  year = {1979},
}

@book{martin2002,
  author = {Martin, Robert C.},
  publisher = {ACM},
  title = {{Agile Software Development, Principles, Patterns, and Practices}},
  year = {2002},
}

@article{ain2019,
  author = {Ain, Qurat Ul and Butt, Wasi Haider and Anwar, Muhammad Waseem and Azam, Farooque and Maqbool, Bilal},
  doi = {10.1109/access.2019.2918202},
  journal = {{IEEE Access}},
  publisher = {Institute of Electrical and Electronics Engineers (IEEE)},
  title = {{A Systematic Review on Code Clone Detection}},
  year = {2019},
}

@article{bellon2007,
  author = {Bellon, Stefan and Koschke, Rainer and Antoniol, Giulio and Krinke, Jens and Merlo, Ettore},
  doi = {10.1109/tse.2007.70725},
  journal = {{IEEE Transactions on Software Engineering}},
  publisher = {Institute of Electrical and Electronics Engineers (IEEE)},
  title = {{Comparison and Evaluation of Clone Detection Tools}},
  year = {2007},
}

@inproceedings{baker1993,
  author = {Baker, Brenda S.},
  booktitle = {{Proceedings of the 24th Symposium on the Interface}},
  pages = {1--9},
  title = {{A Program for Identifying Duplicated Code}},
  year = {1993},
}

@inproceedings{livieri2007,
  author = {Livieri, Simone and Higo, Yoshiki and Matsushita, Makoto and Inoue, Katsuro},
  booktitle = {{Proceedings of the Fourth International Workshop on Mining Software Repositories (MSR’07:ICSE Workshops 2007)}},
  doi = {10.1109/MSR.2007.1},
  title = {{Analysis of the Linux Kernel Evolution Using Code Clone Coverage}},
  year = {2007},
}

@inproceedings{krinke2011,
  author = {Krinke, Jens},
  booktitle = {{Proceedings of the 5th International Workshop on Software Clones}},
  title = {{Is Cloned Code Older Than Non-Cloned Code?}},
  year = {2011},
}

@article{romano2018,
  author = {Romano, Simone and Vendome, Christopher and Scanniello, Giuseppe and Poshyvanyk, Denys},
  doi = {10.1109/tse.2018.2842781},
  journal = {{IEEE Transactions on Software Engineering}},
  publisher = {IEEE},
  title = {{A Multi-Study Investigation into Dead Code}},
  year = {2018},
}

@inproceedings{eder2012,
  author = {Eder, Sebastian and Junker, Maximilian and Jurgens, Elmar and Hauptmann, Benedikt and Vaas, Rudolf and Prommer, Karl-Heinz},
  booktitle = {{Proceedings of the 34th International Conference on Software Engineering}},
  title = {{How Much Does Unused Code Matter for Maintenance?}},
  year = {2012},
}

@inproceedings{jaspan2018,
  author = {Jaspan, Ciera and Jorde, Matthew and Knight, Andrea and Sadowski, Caitlin and Smith, Edward K. and Winter, Collin and Murphy-Hill, Emerson},
  booktitle = {{Proceedings of the 40th International Conference on Software Engineering: Software Engineering in Practice}},
  title = {{Advantages and Disadvantages of a Monolithic Repository: A Case Study at Google}},
  year = {2018},
}

@article{potvin2016,
  author = {Potvin, Rachel and Levenberg, Josh},
  doi = {10.1145/2854146},
  journal = {{Communications of the ACM}},
  publisher = {ACM},
  title = {{Why Google Stores Billions of Lines of Code in a Single Repository}},
  year = {2016},
}

@misc{goode2014,
  author = {al., Durham Goode et},
  howpublished = {\url{https://engineering.fb.com/2014/01/07/core-infra/scaling-mercurial-at-facebook/}},
  note = {[Online; accessed 15-03-2024]},
  title = {{Scaling Mercurial at Facebook}},
  year = {2014},
}

@misc{votruba2017,
  author = {Votruba, Tomas},
  howpublished = {\url{https://tomasvotruba.com/blog/2017/01/31/how-monolithic-repository-in-open-source-saved-my-laziness}},
  note = {[Online; accessed 15-03-2024]},
  title = {{How Monolithic Repository in Open Source Saved My Laziness}},
  year = {2017},
}

@inproceedings{mantyla2003,
  author = {Mantyla, M. and Vanhanen, J. and Lassenius, C.},
  booktitle = {{Proceedings of the International Conference on Software Maintenance, 2003. ICSM 2003. Proceedings.}},
  doi = {10.1109/icsm.2003.1235447},
  howpublished = {\url{http://dx.doi.org/10.1109/ICSM.2003.1235447}},
  note = {[Online; accessed 15-03-2024]},
  title = {{A Taxonomy and an Initial Empirical Study of Bad Smells in Code}},
  year = {2003},
}

@inproceedings{munson1998,
  author = {Munson, J.C. and Elbaum, S.G.},
  booktitle = {{Proceedings of the Proceedings. International Conference on Software Maintenance (Cat. No. 98CB36272)}},
  doi = {10.1109/icsm.1998.738486},
  howpublished = {\url{http://dx.doi.org/10.1109/ICSM.1998.738486}},
  note = {[Online; accessed 15-03-2024]},
  title = {{Code Churn: A Measure for Estimating the Impact of Code Change}},
  year = {1998},
}

@inproceedings{olsson2017,
  author = {Olsson, Tobias and Ericsson, Morgan and Wingkvist, Anna},
  booktitle = {{Proceedings of the 11th European Conference on Software Architecture: Companion Proceedings}},
  doi = {10.1145/3129790.3129810},
  howpublished = {\url{http://dx.doi.org/10.1145/3129790.3129810}},
  note = {[Online; accessed 15-03-2024]},
  title = {{The Relationship of Code Churn and Architectural Violations in the Open Source Software JabRef}},
  year = {2017},
}

@article{bugayenko2023,
  author = {Bugayenko, Yegor and Farina, Mirko and Kruglov, Artem and Pedrycz, Witold and Plaksin, Yaroslav and Succi, Giancarlo},
  doi = {10.1109/access.2023.3305249},
  journal = {{IEEE Access}},
  publisher = {Institute of Electrical and Electronics Engineers (IEEE)},
  title = {{Automatically Prioritizing Tasks in Software Development}},
  year = {2023},
}

@article{pradel2021neural,
  author = {Pradel, Michael and Chandra, Satish},
  doi = {10.1145/3460348},
  journal = {{Communications of the ACM}},
  number = {1},
  pages = {86--96},
  publisher = {ACM},
  title = {{Neural Software Analysis}},
  volume = {65},
  year = {2021},
}

@article{alon2019code2vec,
  author = {Alon, Uri and Zilberstein, Meital and Levy, Omer and Yahav, Eran},
  doi = {10.1145/3290353},
  journal = {{Proceedings of the Principles of Programming Languages (POPL)}},
  publisher = {ACM},
  title = {{Code2vec: Learning Distributed Representations of Code}},
  year = {2019},
}

@misc{taylor2023,
  author = {Taylor, Chris},
  howpublished = {\url{https://catid.io/posts/llm_bugs/}},
  note = {[Online; accessed 15-03-2024]},
  title = {{Can Open-Source LLMs Detect Bugs in C++ Code?}},
  year = {2023},
}

@article{mohajer2023skipanalyzer,
  author = {Mohajer, Mohammad Mahdi and Aleithan, Reem and Harzevili, Nima Shiri and Wei, Moshi and Belle, Alvine Boaye and Pham, Hung Viet and Wang, Song},
  doi = {10.48550/arXiv.2310.18532},
  journal = {{ArXiv}},
  title = {{SkipAnalyzer: An Embodied Agent for Code Analysis With Large Language Models}},
  year = {2023},
}

@inproceedings{li2023assisting,
  author = {Li, Haonan and Hao, Yu and Zhai, Yizhuo and Qian, Zhiyun},
  booktitle = {{Proceedings of the 31st Joint European Software Engineering Conference and Symposium on the Foundations of Software Engineering}},
  doi = {10.1145/3611643.3613078},
  pages = {2107--2111},
  title = {{Assisting Static Analysis With Large Language Models: A ChatGPT Experiment}},
  year = {2023},
}

@inproceedings{johnson2013don,
  title={{Why Don’t Software Developers Use Static Analysis Tools to Find Bugs?}},
  author={Johnson, Brittany and Song, Yoonki and Murphy-Hill, Emerson and Bowdidge, Robert},
  booktitle={Proceedings of the 35th International Conference on Software Engineering (ICSE)},
  pages={672--681},
  year={2013},
  organization={IEEE},
  doi={10.1109/ICSE.2013.6606613}
}

@article{livshits2015defense,
  title={{In Defense of Soundiness: A Manifesto}},
  author={Livshits, Benjamin and Sridharan, Manu and Smaragdakis, Yannis and Lhot{\'a}k, Ond{\v{r}}ej and Amaral, J Nelson and Chang, Bor-Yuh Evan and Guyer, Samuel Z. and Khedker, Uday P. and M{\o}ller, Anders and Vardoulakis, Dimitrios},
  journal={{Communications of the ACM}},
  volume={58},
  number={2},
  pages={44--46},
  year={2015},
  publisher={ACM},
  doi={10.1145/2644805}
}

@inproceedings{bielik2017learning,
  title={{Learning a Static Analyzer from Data}},
  author={Bielik, Pavol and Raychev, Veselin and Vechev, Martin},
  booktitle={{Proceedings of the 29th International Conference on Computer Aided Verification (CAV)}},
  pages={233--253},
  year={2017},
  organization={Springer},
  doi={10.1007/978-3-319-63387-9_12}
}
